00592cas a22002291a 4500
001 999331163502836
003 Nz
005 20161223153242.0
008 040114d195619uunz  r ne      0   0 eng  
035    $a (NLNZils)933116
035    $a (Nz)8185193
035    $a (NLNZils)933116-ilsdb
035    $a (OCoLC)173423535
040    $a NZNB $c NZNB
042    $a nznb
043    $a u-nz---
245 00 $a Waikato review.
260    $a [Hamilton, N.Z. : $b s.n., $c 1956-?]
310    $a Monthly
362 0  $a 1956 Jun.-?
651  0 $a Waikato District (N.Z.) $v Newspapers.
655  7 $a New Zealand newspapers. $2 local $5 Nz
